<record><leader>00000cas a22000007a 4500</leader><controlfield tag="001">14093085</controlfield><controlfield tag="008">860815c19619999njudr ne      0   a0eng d</controlfield><datafield ind1=" " ind2=" " tag="010"><subfield code="a">sn 86077148 </subfield></datafield><datafield ind1=" " ind2=" " tag="040"><subfield code="a">NPA</subfield><subfield code="b">eng</subfield><subfield code="c">NPA</subfield><subfield code="d">DLC</subfield><subfield code="d">NSD</subfield><subfield code="d">NJW</subfield><subfield code="d">OCLCQ</subfield><subfield code="d">OCLCO</subfield></datafield><datafield ind1=" " ind2=" " tag="012"><subfield code="m">1</subfield></datafield><datafield ind1="1" ind2=" " tag="022"><subfield code="a">0895-8785</subfield><subfield code="l">0895-8785</subfield><subfield code="2">1</subfield></datafield><datafield ind1=" " ind2=" " tag="032"><subfield code="a">564520</subfield><subfield code="b">USPS</subfield></datafield><datafield ind1=" " ind2=" " tag="037"><subfield code="b">The Courier-News, P.O. Box 6600, Bridgewater, NJ 08807</subfield></datafield><datafield ind1=" " ind2=" " tag="042"><subfield code="a">msc</subfield><subfield code="a">nsdp</subfield></datafield><datafield ind1="0" ind2=" " tag="130"><subfield code="a">Courier-news (Bridgewater, N.J.)</subfield></datafield><datafield ind1=" " ind2="4" tag="222"><subfield code="a">The Courier-news</subfield><subfield code="b">(Bridgewater, N.J.)</subfield></datafield><datafield ind1="0" ind2="4" tag="245"><subfield code="a">The courier-news.</subfield></datafield><datafield ind1="0" ind2="0" tag="246"><subfield code="a">Courier news</subfield></datafield><datafield ind1=" " ind2=" " tag="260"><subfield code="a">Bridgewater [N.J.] :</subfield><subfield code="b">Fred L. Foster,</subfield><subfield code="c">1961-</subfield></datafield><datafield ind1=" " ind2=" " tag="300"><subfield code="a">v. :</subfield><subfield code="b">ill. ;</subfield><subfield code="c">58 cm.</subfield></datafield><datafield ind1=" " ind2=" " tag="310"><subfield code="a">Daily</subfield><subfield code="b">&lt;Sept. 21, 1987&gt;-</subfield></datafield><datafield ind1=" " ind2=" " tag="321"><subfield code="a">Daily (except Sun.)</subfield><subfield code="b">&lt;Aug. 1, 1986&gt;-198</subfield></datafield><datafield ind1="0" ind2=" " tag="362"><subfield code="a">Jan. 24, 1961-</subfield></datafield><datafield ind1=" " ind2=" " tag="525"><subfield code="a">Issue for July 1, 1976 includes supplement called "Spirit of America."</subfield></datafield><datafield ind1=" " ind2=" " tag="752"><subfield code="a">United States</subfield><subfield code="b">New Jersey</subfield><subfield code="c">Somerset</subfield><subfield code="d">Bridgewater.</subfield></datafield><datafield ind1="0" ind2="0" tag="780"><subfield code="t">Plainfield courier-news</subfield><subfield code="w">(DLC)sn 85035974</subfield><subfield code="w">(OCoLC)13242228</subfield></datafield><datafield ind1=" " ind2=" " tag="936"><subfield code="a">Vol. 104, no. 97 (Sept. 21, 1987) LIC</subfield></datafield></record>